%% This BibTeX bibliography file was created using BibDesk.
%% http://bibdesk.sourceforge.net/


%% Created for Matt at 2014-11-09 19:04:54 -0500 


%% Saved with string encoding Unicode (UTF-8) 



@misc{Feenstra:2013aa,
	Author = {Robert C. Feenstra and Robert Inklaar and Marcel P. Timmer},
	Date-Added = {2014-11-09 23:53:21 +0000},
	Date-Modified = {2014-11-10 00:04:54 +0000},
	Howpublished = {\url{http://www.ggdc.net/pwt}},
	Title = {{The Next Generation of the Penn World Table, v.~8.0}},
	Year = {2013}}

@article{Ayres:2013aa,
	Author = {Robert U. Ayres and Jeroen C.J.M. van den Bergh and Dietmar Lindenbergerf and Benjamin Warr},
	Date-Added = {2014-08-08 02:49:28 +0000},
	Date-Modified = {2014-08-08 02:49:28 +0000},
	Journal = {Structural Change and Economic Dynamics},
	Pages = {79-88},
	Title = {{The Underestimated Contribution of Energy to Economic Growth}},
	Volume = {27},
	Year = {2013}}

@article{Stern:2013aa,
	Author = {David I. Stern and Kerstin Enflow},
	Date-Added = {2014-08-06 23:17:44 +0000},
	Date-Modified = {2014-08-06 23:18:38 +0000},
	Journal = {Energy Economics},
	Pages = {135--146},
	Title = {{Causality Between Energy and Output in the Long-run}},
	Volume = {39},
	Year = {2013}}

@techreport{Abramovitz:1956aa,
	Author = {Moses Abramovitz},
	Date-Modified = {2014-08-06 23:16:35 +0000},
	Institution = {National Bureau of Economic Research},
	Number = {52},
	Title = {{Resource and Output Trends in the United States since 1870}},
	Type = {Occasional Paper},
	Year = {1956},
	Bdsk-Url-1 = {http://www.nber.org/chapters/c5650}}

@article{Ayres:2001tx,
	Author = {Ayres, Robert U},
	Journal = {Energy},
	Number = {9},
	Pages = {817--838},
	Title = {{The minimum complexity of endogenous growth models:: the role of physical resource flows}},
	Volume = {26},
	Year = {2001}}

@article{Ayres:2003ec,
	Author = {Ayres, Robert U and Ayres, Leslie W and Warr, Benjamin S},
	Journal = {Energy},
	Month = {Mar},
	Number = {3},
	Pages = {219--273},
	Title = {{Exergy, power and work in the US economy, 1900--1998}},
	Volume = {28},
	Year = {2003}}

@article{Ayres:2005kn,
	Author = {Ayres, Robert U and Warr, Benjamin S},
	Journal = {Structural Change and Economic Dynamics},
	Month = {Jun},
	Number = {2},
	Pages = {181--209},
	Title = {{Accounting for growth: the role of physical work}},
	Volume = {16},
	Year = {2005}}

@article{Ayres:2008cl,
	Author = {Ayres, Robert U},
	Journal = {Ecological Economics},
	Month = {Sep},
	Number = {2},
	Pages = {281--310},
	Title = {{Sustainability economics: Where do we stand?}},
	Volume = {67},
	Year = {2008}}

@book{Ayres:2010ug,
	Address = {Cheltenham, UK},
	Author = {Ayres, Robert U and Warr, Benjamin S},
	Publisher = {Edward Elgar},
	Title = {{The Economic Growth Engine: How Energy and Work Drive Material Propserity}},
	Year = {2010}}

@article{Bashmakov:2007ek,
	Author = {Bashmakov, Igor},
	Journal = {Energy Policy},
	Month = {Jul},
	Number = {7},
	Pages = {3583--3594},
	Title = {{Three laws of energy transitions}},
	Volume = {35},
	Year = {2007}}

@article{Beckman:2011gb,
	Author = {Beckman, Jayson and Hertel, Thomas and Tyner, Wallace},
	Journal = {Energy Economics},
	Month = sep,
	Number = {5},
	Pages = {799--806},
	Title = {{Validating energy-oriented CGE models}},
	Volume = {33},
	Year = {2011}}

@techreport{Benes:2012tm,
	Author = {Benes, Jaromir and Chauvet, Marcelle and Kamenik, Ondra and Kumhof, Michael and Laxton, Douglas and Mursula, Susanna and Selody, Jack},
	Institution = {IMF, International Monetary Fund},
	Month = {May},
	Number = {12/109},
	Title = {{The Future of Oil: Geology versus Technology}},
	Year = {2012}}

@misc{BLS:2013a,
	Author = {{BLS}},
	Howpublished = {\protect\url{http://www.bls.gov/fls/intl_gdp_capita_gdp_hour.htm}},
	Title = {{Bureau of Labor Statistics International Labor Comparisons Online Database}},
	Year = {2013}}

@book{Cengel:2011ww,
	Address = {New York},
	Author = {{\c C}engel, Yunus A and Boles, Michael A},
	Edition = {7th},
	Publisher = {McGraw-Hill},
	Title = {{Thermodynamics: An Engineering Approach}},
	Year = {2011}}

@article{Chen:2012fs,
	Author = {Chen, Ping-Yu and Chen, Sheng-Tung and Chen, Chi-Chung},
	Journal = {Energy Policy},
	Month = may,
	Number = {C},
	Pages = {245--255},
	Title = {{Energy consumption and economic growth---New evidence from meta analysis}},
	Volume = {44},
	Year = {2012}}

@article{Cleveland:2000vl,
	Author = {Cleveland, Cutler J and Kaufmann, Robert K and Stern, David I},
	Journal = {Ecological Economics},
	Number = {2},
	Pages = {301--318},
	Title = {{Aggregation and the role of energy in the economy}},
	Volume = {32},
	Year = {2000}}

@article{Cleveland:1984p5055,
	Author = {Cleveland, Cutler and Costanza, Robert and Hall, Charles A S},
	Journal = {Science},
	Number = {31 August},
	Pages = {890--897},
	Title = {{Energy and the US economy: a biophysical perspective}},
	Volume = {225},
	Year = {1984}}

@article{Duffy:2000ty,
	Author = {Duffy, John and Papageorgiou, Chris},
	Journal = {Journal of Economic Growth},
	Number = {1},
	Pages = {87--120},
	Title = {{A cross-country empirical investigation of the aggregate production function specification}},
	Volume = {5},
	Year = {2000}}

@misc{EIA:2013a,
	Author = {{EIA}},
	Howpublished = {\protect\url{www.eia.gov/ies}},
	Title = {{Energy Information Agency International Energy Statistics Online Database}},
	Year = {2013}}

@misc{FAO:2013a,
	Author = {{FAO}},
	Howpublished = {\protect\url{http://faostat.fao.org}},
	Title = {{Food and Agriculture Organization of the United Nations Online Database (FAOStat)}},
	Year = {2013}}

@misc{FAO:2013b,
	Author = {{FAO}},
	Howpublished = {\protect\url{http://www.fao.org/fileadmin/templates/ess/documents/food_security_statistics/FoodConsumptionNutrients_en.xls}},
	Title = {{Food and Agriculture Organization of the United Nations Food Consumption Online Database}},
	Year = {2013}}

@misc{FAO:2013c,
	Author = {{FAO}},
	Howpublished = {\protect\url{http://faostat.fao.org/Portals/_Faostat/documents/pdf/FAOSTAT-Forestry-def-e.pdf}},
	Title = {{Food and Agriculture Organization of the United Nations Forest Product Definitions}},
	Year = {2013}}

@article{Froling:2009vo,
	Author = {Fr{\"o}ling, M},
	Journal = {Journal of Population Economics},
	Number = {3},
	Pages = {1133--1163},
	Title = {{Energy use, population and growth, 1800--1970}},
	Volume = {24},
	Year = {2009}}

@article{Galor:2000up,
	Author = {Galor, Obed and Weil, David},
	Journal = {The American Economic Review},
	Number = {4},
	Pages = {806--828},
	Title = {{Population, Technology, and Growth: From Malthusian Stagnation to the Demographic Transition and Beyond}},
	Volume = {90},
	Year = {2000}}

@book{Gandrud:2013vx,
	Address = {Oxford, UK},
	Author = {Gandrud, Christopher},
	Edition = {1st},
	Month = {Jul},
	Publisher = {Taylor {\&} Francis},
	Series = {Chapman {\&} Hall/CRC The R Series},
	Title = {{Reproducible Research with R and RStudio}},
	Year = {2013}}

@book{Gupta:2010vg,
	Address = {Cambridge},
	Author = {Gupta, Ram B and Demirbas, Ayhan},
	Publisher = {Cambridge University Press},
	Title = {{Gasoline, Diesel, and Ethanol Biofuels from Grasses and Plants}},
	Year = {2010}}

@article{Hamilton:2009ui,
	Author = {Hamilton, James},
	Journal = {Brookings Papers on Economic Activity},
	Pages = {215--261},
	Title = {{Causes and Consequences of the Oil Shock of 2007--08}},
	Volume = {1},
	Year = {2009}}

@incollection{Hamilton:2013vc,
	Author = {Hamilton, James D},
	Booktitle = {Handbook of Energy and Climate Change},
	Pages = {29--63},
	Publisher = {Edward Elgar},
	Title = {{Oil Prices, Exhaustible Resources, and Economic Growth}},
	Year = {2013}}

@article{Hamilton:2011fo,
	Author = {Hamilton, James D},
	Journal = {Macroeconomic Dynamics},
	Month = {Dec},
	Number = {S3},
	Pages = {364--378},
	Title = {{Nonlinearities and the Macroeconomic Effects of Oil Prices}},
	Volume = {15},
	Year = {2011}}

@techreport{Henningsen:2011td,
	Author = {Arne Henningsen and Geraldine Henningsen},
	Date-Modified = {2014-08-06 23:16:35 +0000},
	Institution = {Institute of Food and Resource Economics, University of Copenhagen},
	Number = {2011/9},
	Title = {Econometric Estimation of the `Constant Elasticity of Substitution' Function in R: Package micEconCES},
	Type = {FOI Working Paper},
	Year = {2011},
	Bdsk-Url-1 = {http://EconPapers.repec.org/RePEc:foi:wpaper:2011_9}}

@book{IEA:2012ty,
	Address = {Paris},
	Author = {{International Energy Agency}},
	Month = oct,
	Title = {{World Energy Outlook 2012}},
	Year = {2012}}

@article{Jones:2001wn,
	Author = {Jones, Charles I},
	Journal = {Advances in Macroeconomics},
	Number = {2},
	Pages = {1--43},
	Title = {{Was an industrial revolution inevitable? Economic growth over the very long run}},
	Volume = {1},
	Year = {2001}}

@article{Kemfert:1998vd,
	Author = {Kemfert, C},
	Journal = {Energy Economics},
	Number = {3},
	Pages = {249--264},
	Title = {{Estimated substitution elasticities of a nested CES production function approach for Germany}},
	Volume = {20},
	Year = {1998}}

@techreport{Kumhof:2012ua,
	Author = {Kumhof, Michael and Muir, Dirk},
	Institution = {IMF, International Monetary Fund},
	Month = {Oct},
	Number = {WP/12/256},
	Title = {{Oil and the World Economy: Some Possible Futures}},
	Year = {2012}}

@book{Kummel:1980wx,
	Address = {Cambridge, Massachusetts},
	Author = {K{\"u}mmel, Reiner},
	Publisher = {Oeigeschlager, Gunn, and Hain},
	Series = {Mathematical Systems in Economics},
	Title = {{Growth Dynamics of the Energy Dependent Economy}},
	Year = {1980}}

@article{Kummel:1982vy,
	Author = {K{\"u}mmel, R.},
	Journal = {Energy},
	Number = {2},
	Pages = {189--203},
	Title = {{The impact of energy on industrial growth}},
	Volume = {7},
	Year = {1982}}

@article{Kummel:1985vz,
	Author = {K{\"u}mmel, R. and Strassl, W and Gossner, A and Eichhorn, W},
	Journal = {Journal of Economics},
	Number = {3},
	Pages = {285--311},
	Title = {{Technical progress and energy dependent production functions}},
	Volume = {45},
	Year = {1985}}

@article{Kummel:1989tf,
	Author = {K{\"u}mmel, R.},
	Journal = {Ecological Economics},
	Number = {2},
	Pages = {161--180},
	Title = {{Energy as a factor of production and entropy as a pollution indicator in macroeconomic modelling}},
	Volume = {1},
	Year = {1989}}

@article{Kummel:2002tx,
	Author = {K{\"u}mmel, R. and Henn, J. and Lindenberger, D.},
	Journal = {Structural Change and Economic Dynamics},
	Number = {4},
	Pages = {415--433},
	Title = {{Capital, labor, energy and creativity: modeling innovation diffusion}},
	Volume = {13},
	Year = {2002}}

@article{Kummel:2010vz,
	Author = {K{\"u}mmel, R. and Ayres, Robert U and Lindenberger, D.},
	Journal = {Journal of Non-Equilibrium Thermodynamics},
	Number = {2},
	Pages = {145},
	Title = {{Thermodynamic laws, economic methods and the productive power of energy}},
	Volume = {35},
	Year = {2010}}

@article{Lecca:2011kr,
	Author = {Lecca, P and Swales, Kim and Turner, K},
	Journal = {Economic Modelling},
	Number = {6},
	Pages = {2832--2841},
	Title = {{An investigation of issues relating to where energy should enter the production function}},
	Volume = {28},
	Year = {2011}}

@article{Lee:2008dm,
	Author = {Lee, Chien-Chiang and Chang, Chun-Ping},
	Journal = {Resource and energy economics},
	Month = jan,
	Number = {1},
	Pages = {50--65},
	Title = {{Energy consumption and economic growth in Asian economies: A more comprehensive analysis using panel data}},
	Volume = {30},
	Year = {2008}}

@article{Lindenberger:2011dx,
	Author = {Lindenberger, Dietmar and K{\"u}mmel, Reiner},
	Journal = {Energy},
	Month = {oct},
	Number = {10},
	Pages = {6010--6018},
	Title = {{Energy and the state of nations}},
	Volume = {36},
	Year = {2011}}

@article{Menyah:2010hl,
	Author = {Menyah, Kojo and Wolde-Rufael, Yemane},
	Journal = {Energy Economics},
	Month = nov,
	Number = {6},
	Pages = {1374--1382},
	Title = {{Energy consumption, pollutant emissions and economic growth in South Africa}},
	Volume = {32},
	Year = {2010}}

@techreport{Miller:2008vd,
	Author = {Miller, Eric},
	Institution = {Congressional Budget Office},
	Month = jun,
	Number = {2008-05},
	Title = {{An Assessment of CES and Cobb-Douglas Production Functions}},
	Year = {2008}}

@techreport{Mishra:2007tv,
	Author = {Mishra, S K},
	Month = {Oct},
	Title = {{A Brief History of Production Functions}},
	Year = {2007}}

@article{Murphy:2011jh,
	Author = {Murphy, David J and Hall, Charles A S},
	Journal = {Annals of the New York Academy of Sciences},
	Month = {Feb},
	Number = {1},
	Pages = {52--72},
	Title = {{Energy return on investment, peak oil, and the end of economic growth}},
	Volume = {1219},
	Year = {2011}}

@article{Nel:2009wq,
	Author = {Nel, Willem and Cooper, Chris},
	Journal = {Energy Policy},
	Number = {1},
	Pages = {166--180},
	Title = {{Implications of fossil fuel constraints on economic growth and global warming}},
	Volume = {37},
	Year = {2009}}

@article{Nel:2010fv,
	Author = {Nel, Willem P and van Zyl, Gerhardus},
	Journal = {Applied Energy},
	Month = jan,
	Number = {1},
	Pages = {168--177},
	Title = {{Defining limits: Energy constrained economic growth}},
	Volume = {87},
	Year = {2010}}

@article{Odhiambo:2009hj,
	Author = {Odhiambo, Nicholas M},
	Journal = {Energy Economics},
	Month = sep,
	Number = {5},
	Pages = {635--640},
	Title = {{Electricity consumption and economic growth in South Africa: A trivariate causality test}},
	Volume = {31},
	Year = {2009}}

@article{Ozturk:2010kb,
	Author = {Ozturk, Ilhan},
	Journal = {Energy Policy},
	Number = {1},
	Pages = {340--349},
	Title = {{A literature survey on energy--growth nexus}},
	Volume = {38},
	Year = {2010}}

@article{Paul:2004jl,
	Author = {Paul, Shyamal and Bhattacharya, Rabindra N},
	Journal = {Energy Economics},
	Month = nov,
	Number = {6},
	Pages = {977--983},
	Title = {{Causality between energy consumption and economic growth in India: a note on conflicting results}},
	Volume = {26},
	Year = {2004}}

@manual{R,
	Address = {Vienna, Austria},
	Author = {{R Core Team}},
	Date-Modified = {2014-08-06 23:16:35 +0000},
	Note = {{ISBN} 3-900051-07-0},
	Organization = {R Foundation for Statistical Computing},
	Title = {R: A Language and Environment for Statistical Computing},
	Year = {2012},
	Bdsk-Url-1 = {http://www.R-project.org/}}

@article{Ragland:2013wp,
	Author = {Ragland, K W and Aerts, D J},
	Journal = {Bioresource Technology},
	Pages = {161--168},
	Title = {{Properties of Wood for Combustion Analysis}},
	Volume = {37},
	Year = {1991}}

@article{Serrenho:2010vq,
	Author = {Serrenho, A C and Sousa, T and Domingos, T},
	Journal = {Energy},
	Pages = {06},
	Title = {{Empirical assessment of an energy production function}},
	Volume = {21},
	Year = {2010}}

@misc{Shen:2013vp,
	Author = {Shen, Keting and Whalley, John},
	Howpublished = {\protect\url{http://www.nber.org/papers/w19104}},
	Month = {jun},
	Number = {19104},
	Title = {{Capital-Labor-Energy Substitution in Nested CES Production Functions for China. NBER Working Paper 19104}},
	Year = {2013}}

@article{Smulders:2003wc,
	Author = {Smulders, S. and De Nooij, M.},
	Journal = {Resource and energy economics},
	Number = {1},
	Pages = {59--79},
	Title = {{The impact of energy conservation on technology and economic growth}},
	Volume = {25},
	Year = {2003}}

@article{solow1957technical,
	Author = {Solow, Robert M},
	Journal = {The Review of Economics and Statistics},
	Number = {3},
	Pages = {312--320},
	Publisher = {JSTOR},
	Title = {{Technical Change and the Aggregate Production Function}},
	Volume = {39},
	Year = {1957}}

@article{Stern:2000wq,
	Author = {Stern, David I},
	Journal = {Energy Economics},
	Number = {2},
	Pages = {267--283},
	Title = {{A multivariate cointegration analysis of the role of energy in the US macroeconomy}},
	Volume = {22},
	Year = {2000}}

@article{Stern:2011bq,
	Author = {Stern, David I},
	Journal = {Annals of the New York Academy of Sciences},
	Month = feb,
	Number = {1},
	Pages = {26--51},
	Title = {{The role of energy in economic growth}},
	Volume = {1219},
	Year = {2011}}

@article{Stern:2012ey,
	Author = {Stern, David I and Kander, Astrid},
	Journal = {The Energy Journal},
	Month = {Jul},
	Number = {3},
	Pages = {125--152},
	Title = {{The Role of Energy in the Industrial Revolution and Modern Economic Growth}},
	Volume = {33},
	Year = {2012}}

@article{Stresing:2008cq,
	Author = {Stresing, R and Lindenberger, D. and K{\"u}mmel, Reiner},
	Journal = {The European Physical Journal B},
	Month = aug,
	Number = {2},
	Pages = {279--287},
	Title = {{Cointegration of output, capital, labor, and energy}},
	Volume = {66},
	Year = {2008}}

@book{Szargut:1988wv,
	Address = {New York},
	Author = {Szargut, Jan and Morris, David R and Steward, Frank R},
	Publisher = {Hemisphere},
	Title = {{Exergy Analysis of Thermal, Chemical, and Metallurgical Processes}},
	Year = {1988}}

@article{Tahvonen:2001tz,
	Author = {Tahvonen and Salo},
	Journal = {European Economic Review},
	Number = {8},
	Pages = {1379--1398},
	Title = {{Economic growth and transitions between renewable and nonrenewable energy resources}},
	Volume = {45},
	Year = {2001}}

@misc{Tverberg:2013a,
	Author = {Teverberg, Gail},
	Howpublished = {\protect\url{http://ourfiniteworld.com/2013/01/17/ten-reasons-why-high-oil-prices-are-a-problem/}},
	Journal = {Our Finite World},
	Month = {Jan},
	Title = {{Ten Reasons Why High Oil Prices are a Problem}},
	Year = {2013}}

@misc{Tverberg:2013b,
	Author = {Teverberg, Gail},
	Howpublished = {\protect\url{http://ourfiniteworld.com/2013/02/08/our-investment-sinkhole-problem/}},
	Journal = {Our Finite World},
	Month = {Feb},
	Title = {{Our Investment Sinkhole Problem}},
	Year = {2013}}

@article{VanderWerf:2008tc,
	Author = {{van der Werf}, E},
	Journal = {Energy Economics},
	Number = {6},
	Pages = {2964--2979},
	Title = {{Production functions for climate policy modeling: an empirical analysis}},
	Volume = {30},
	Year = {2008}}

@article{vanderZwaan:2002wn,
	Author = {van der Zwaan, Bob CC and Gerlagh, Reyer and Klaassen, G and Schrattenholzer, Leo},
	Journal = {Energy Economics},
	Number = {1},
	Pages = {1--19},
	Title = {{Endogenous technological change in climate change modelling}},
	Volume = {24},
	Year = {2002}}

@article{Wang:2011fe,
	Author = {Wang, S S and Zhou, D Q and Zhou, P and Wang, Q W},
	Journal = {Energy Policy},
	Month = sep,
	Number = {9},
	Pages = {4870--4875},
	Title = {{Energy Policy}},
	Volume = {39},
	Year = {2011}}

@article{Warr:2006hc,
	Author = {Warr, Benjamin S and Ayres, Robert U},
	Journal = {Structural Change and Economic Dynamics},
	Number = {3},
	Pages = {329--378},
	Title = {{REXS: A forecasting model for assessing the impact of natural resource consumption and technological change on economic growth}},
	Volume = {17},
	Year = {2006}}

@article{Warr:2010ga,
	Author = {Warr, Benjamin S and Ayres, Robert U and Eisenmenger, N and Krausmann, F and Schandl, H},
	Journal = {Ecological Economics},
	Number = {10},
	Pages = {1904--1917},
	Title = {{Energy use and economic development: A comparative analysis of useful work supply in Austria, Japan, the United Kingdom and the US during 100 years of economic growth}},
	Volume = {69},
	Year = {2010}}

@article{Warr:2010ht,
	Author = {Warr, Benjamin S and Ayres, Robert U},
	Journal = {Energy},
	Month = {Apr},
	Number = {4},
	Pages = {1688--1693},
	Title = {{Evidence of causality between the quantity and quality of energy consumption and economic growth}},
	Volume = {35},
	Year = {2010}}

@article{Warr:2012cg,
	Author = {Warr, Benjamin S and Ayres, Robert U},
	Journal = {Ecological Economics},
	Month = {Jan},
	Number = {C},
	Pages = {93--102},
	Title = {{Useful work and information as drivers of economic growth}},
	Volume = {73},
	Year = {2012}}

@misc{Warr:2012a,
	Author = {Warr, Benjamin S},
	Howpublished = {{Personal communication, 29 August 2012}},
	Month = {Aug},
	Title = {{REXS Database}},
	Year = {{2012}}}

@phdthesis{Wirsenius:2000vi,
	Address = {Goteborg, Sweden},
	Author = {Wirsenius, Stefan},
	School = {Chalmers University of Technology},
	Title = {{Human Use of Land and Organic Materials: Modeling the Turnover of Biomass in the Global Food System}},
	Year = {2000}}

@misc{WorldBankGEP:2013a,
	Author = {{World Bank}},
	Howpublished = {\protect\url{http://data.worldbank.org/data-catalog/global-economic-prospects}},
	Title = {{World Bank Global Economic Prospects (GEP) Online Database}},
	Year = {2013}}

@misc{WorldBankWDI:2013a,
	Author = {{World Bank}},
	Howpublished = {\protect\url{http://data.worldbank.org/data-catalog/world-development-indicators}},
	Title = {{World Bank World Development Indicators (WDI) Online Database}},
	Year = {2013}}
