@article{Bashmakov:2007ek,
author = {Bashmakov, Igor},
title = {{Three laws of energy transitions}},
journal = {Energy Policy},
year = {2007},
volume = {35},
number = {7},
pages = {3583--3594},
month = {Jul}
}

@article{Cleveland:1997p5055,
author = {Cleveland, Cutler and Costanza, Robert and Hall, Charles A S},
title = {{Energy and the US economy: a biophysical perspective}},
journal = {Science},
year = {1984},
volume = {225},
number = {31 August},
pages = {890--897}
}

@article{Hamilton:2011fo,
author = {Hamilton, James D},
title = {{Nonlinearities and the Macroeconomic Effects of Oil Prices}},
journal = {Macroeconomic Dynamics},
year = {2011},
volume = {15},
number = {S3},
pages = {364--378},
month = {Dec}
}

@techreport{Henningsen:2011td,
title = {Econometric Estimation of the 'Constant Elasticity of Substitution' Function in R: Package micEconCES},
author = {Arne Henningsen and Geraldine Henningsen},
year = {2011},
institution = {Institute of Food and Resource Economics, University of Copenhagen},
type = {FOI Working Paper},
number = {2011/9},
url = {http://EconPapers.repec.org/RePEc:foi:wpaper:2011_9}
}

@article{Kemfert:1998vd,
author = {Kemfert, C},
title = {{Estimated substitution elasticities of a nested CES production function approach for Germany}},
journal = {Energy Economics},
year = {1998},
volume = {20},
number = {3},
pages = {249--264}
}

@techreport{Mishra:2007tv,
author = {Mishra, S K},
title = {{A Brief History of Production Functions}},
year = {2007},
month = {Oct}
}

@article{Murphy:2011jh,
author = {Murphy, David J and Hall, Charles A S},
title = {{Energy return on investment, peak oil, and the end of economic growth}},
journal = {Annals of the New York Academy of Sciences},
year = {2011},
volume = {1219},
number = {1},
pages = {52--72},
month = {Feb}
}


@manual{R,
    title = {R: A Language and Environment for Statistical Computing},
    author = {{R Core Team}},
    organization = {R Foundation for Statistical Computing},
    address = {Vienna, Austria},
    year = {2012},
    note = {{ISBN} 3-900051-07-0},
    url = {http://www.R-project.org/}
}

@article{Stern:2012ey,
author = {Stern, David I and Kander, Astrid},
title = {{The Role of Energy in the Industrial Revolution and Modern Economic Growth}},
journal = {The Energy Journal},
year = {2012},
volume = {33},
number = {3},
pages = {125--152},
month = {Jul}
}

@misc{Tverberg:2013,
author = {Teverberg, Gail},
title = {{Our Investment Sinkhole Problem}},
journal = {Our Finite World},
year = {2013},
month = {Feb},
howpublished = {\url{http://ourfiniteworld.com/2013/02/08/our-investment-sinkhole-problem/}}
}