%% This BibTeX bibliography file was created using BibDesk.
%% http://bibdesk.sourceforge.net/


%% Created for Matt at 2018-09-25 08:45:01 -0400


%% Saved with string encoding Unicode (UTF-8)



@techreport{Henningsen:2011td,
	Address = {Copenhagen},
	Author = {Arne Henningsen and G{\`e}raldine Henningsen},
	Date-Added = {2018-09-25 08:44:59 -0400},
	Date-Modified = {2018-09-25 08:44:59 -0400},
	Institution = {Institute of Food and Resource Economics University of Copenhagen},
	Month = jun,
	Number = {2011/9},
	Rating = {0},
	Read = {Yes},
	Title = {{Econometric Estimation of the Constant Elasticity of Substitution Function in R: Package micEconCES}},
	Url = {http://okonomi.foi.dk/workingpapers/WPpdf/WP2011/WP_2011_9_econometric_estimation_CES.pdf},
	Year = {2011},
	Bdsk-Url-1 = {http://okonomi.foi.dk/workingpapers/WPpdf/WP2011/WP_2011_9_econometric_estimation_CES.pdf}}

@article{Warr:2012cg,
	Abstract = {Ecological Economics, 73 (2012) 93-102. doi:10.1016/j.ecolecon.2011.09.006},
	Author = {Warr, Benjamin S and Ayres, Robert U},
	Date-Added = {2018-09-11 20:58:01 -0400},
	Date-Modified = {2018-09-11 20:58:01 -0400},
	Doi = {10.1016/j.ecolecon.2011.09.006},
	Journal = {Ecological Economics},
	Month = jan,
	Number = {C},
	Pages = {93--102},
	Rating = {0},
	Read = {Yes},
	Title = {{Useful work and information as drivers of economic growth}},
	Volume = {73},
	Year = {2012},
	Bdsk-Url-1 = {https://doi.org/10.1016/j.ecolecon.2011.09.006}}

@article{Heun:2017,
	Author = {Matthew K. Heun and {Jo\~{a}o} Santos and Paul E. Brockway and Randall J. Pruim and Tiago Domingos and Marco Sakai},
	Date-Added = {2018-09-11 20:55:43 -0400},
	Date-Modified = {2018-09-11 20:55:43 -0400},
	Doi = {10.3390/en10020203},
	Journal = {Energies},
	Month = {10 February},
	Number = {203},
	Pages = {1-44},
	Title = {From Theory to Econometrics to Energy Policy: Cautionary Tales for Policymaking Using Aggregate Production Functions},
	Volume = {10},
	Year = {2017},
	Bdsk-Url-1 = {https://doi.org/10.3390/en10020203}}
