%% This BibTeX bibliography file was created using BibDesk.
%% http://bibdesk.sourceforge.net/


%% Created for Matt at 2015-07-30 13:42:09 -0400 


%% Saved with string encoding Unicode (UTF-8) 



@article{ayres2005accounting,
	Author = {Robert U. Ayres and Benjamin Warr},
	Journal = {Structural Change and Economic Dynamics},
	Number = {2},
	Pages = {181-209},
	Publisher = {Elsevier},
	Title = {Accounting for growth: the role of physical work},
	Volume = {16},
	Year = {2005}}

@techreport{Henningsen:2011td,
    title = {Econometric Estimation of the 'Constant Elasticity of
      Substitution' Function in R: Package micEconCES},
    author = {Arne Henningsen and Geraldine Henningsen},
    year = {2011},
    institution = {Institute of Food and Resource Economics, University
      of Copenhagen},
    type = {FOI Working Paper},
    number = {2011/9},
  }

@book{Heun:2015aa,
	Address = {New York},
	Author = {Matthew Kuperus Heun and Michael Carbajales-Dale and Becky Roselius Haney},
	Publisher = {Springer},
	Title = {{Beyond GDP: National Accounting in the Age of Resource Depletion}},
	Year = {2015}}

@article{Kummel:2010aa,
	Author = {Reiner K\"{u}mmel and Robert U. Ayres and Dietmar Lindenberger},
	Date-Added = {2014-11-21 17:44:54 +0000},
	Date-Modified = {2014-11-21 18:09:08 +0000},
	Journal = {Journal of Non-Equilibrium Thermodynamics},
	Pages = {145-179},
	Title = {{Thermodynamic laws, economic methods and the productive power of energy}},
	Volume = {35},
	Year = {2010}}

@article{Kummel:2013aa,
	Author = {Reiner K\"{u}mmel},
	Journal = {Environmental Innovation and Societal Transitions},
	Pages = {33-37},
	Title = {Why energy's economic weight is much larger than its cost share},
	Volume = {9},
	Year = {2013}}

@manual{R,
	Address = {Vienna, Austria},
	Author = {{R Core Team}},
	Date-Modified = {2014-08-06 23:16:35 +0000},
	Note = {{ISBN} 3-900051-07-0},
	Organization = {R Foundation for Statistical Computing},
	Title = {R: A Language and Environment for Statistical Computing},
	Year = {2012},
	Bdsk-Url-1 = {http://www.R-project.org/}}

@article{Saunders:2008aa,
	Author = {Harry D. Saunders},
	Date-Added = {2014-12-19 00:48:32 +0000},
	Date-Modified = {2014-12-19 00:49:12 +0000},
	Journal = {Energy Economics},
	Pages = {2184--2235},
	Title = {Fuel conserving (and using) production functions},
	Volume = {30},
	Year = {2008}}

@article{dean1964stock,
	Author = {Dean, Geoffrey and Irwin, JO},
	Journal = {Journal of the Royal Statistical Society. Series A (General)},
	Pages = {327--358},
	Publisher = {JSTOR},
	Title = {The stock of fixed capital in the {U}nited {K}ingdom in 1961},
	Year = {1964}}

@article{oulton2015integrated,
	Author = {Oulton, Nicholas and Wallis, Gavin},
	Publisher = {Centre for Economic Performance, London School of Economics and Political Science},
	Title = {Integrated estimates of capital stocks and services for the {U}nited {K}ingdom: 1950-2013},
	Year = {2015}}

@article{pina2005comparing,
	Author = {Pina, Alvaro Manuel and St. Aubyn, Miguel},
	Journal = {Journal of Policy Modeling},
	Number = {5},
	Pages = {585--598},
	Publisher = {Elsevier},
	Title = {Comparing macroeconomic returns on human and public capital: An empirical analysis of the {P}ortuguese case (1960--2001)},
	Volume = {27},
	Year = {2005}}

@article{redfern1955net,
	Author = {Redfern, Philip},
	Journal = {Journal of the Royal Statistical Society. Series A (General)},
	Pages = {141--192},
	Publisher = {JSTOR},
	Title = {Net investment in fixed assets in the {U}nited {K}ingdom, 1938--1953},
	Year = {1955}}

@techreport{dos1984stock,
	Author = {Emanuel Augusto {dos Santos}},
	Date-Modified = {2015-07-30 17:41:54 +0000},
	Institution = {Banco de Portugal},
	Address = {Gabinete de Estudos},
	Number = {6},
	Title = {O stock de capital na economia {P}ortuguesa, 1953-1981},
	Year = {1984}}

@book{schreyer2009oecd,
	Author = {Schreyer, Paul},
	Publisher = {Organisation for Economic Development and Cooperation, Paris},
	Title = {OECD manual: Measuring capital},
	Year = {2009}}

@article{da2010capital,
	Author = {da Silva, Ester Gomes},
	Journal = {Portuguese Economic Journal},
	Number = {1},
	Pages = {35--74},
	Publisher = {Springer},
	Title = {Capital services estimates in Portuguese industries, 1977--2003},
	Volume = {9},
	Year = {2010}}

@article{teixeira2010human,
	Author = {Teixeira, Aurora AC and Fortuna, Nat{\'e}rcia},
	Journal = {Research Policy},
	Number = {3},
	Pages = {335--350},
	Publisher = {Elsevier},
	Title = {Human capital, {R}\&{D}, trade, and long-run productivity. Testing the technological absorption hypothesis for the {P}ortuguese economy, 1960--2001},
	Volume = {39},
	Year = 2010}

@article{caselli2005accounting,
	Author = {Caselli, Francesco},
	Journal = {Handbook of economic growth},
	Pages = {679--741},
	Publisher = {Elsevier},
	Title = {Accounting for cross-country income differences},
	Volume = {1},
	Year = {2005}}

@article{psacharopoulos2004returns,
	Author = {Psacharopoulos, George and Patrinos, Harry Anthony},
	Journal = {Education economics},
	Number = {2},
	Pages = {111--134},
	Publisher = {Taylor \& Francis},
	Title = {Returns to investment in education: a further update},
	Volume = {12},
	Year = {2004}}

@techreport{hall1999some,
	Author = {Hall, Robert E and Jones, Charles I},
	Institution = {National bureau of economic research},
	Title = {Why do some countries produce so much more output per worker than others?},
	Year = {1999}}

@unpublished{silvalains2013,
	Author = {da Silva, Ester Gomes and Lains, Pedro},
	Note = {Presented at IBEROMETRICS VI, May 16-17, Facultad de Econom{\'\i}a y Empresa, Zaragoza, Spain. Available online at http://estructuraehistoria.unizar.es/personal/vpinilla/prog.htm},
	Title = {Capital formation and long-run growth: Evidence from Portuguese data, 1910-2011},
	Year = {2013}}

@article{hulten1996issues,
	Author = {Hulten, Charles R and Wykoff, Frank C},
	Journal = {Economic Inquiry},
	Number = {1},
	Pages = {10--23},
	Publisher = {Wiley Online Library},
	Title = {Issues in the measurement of economic depreciation: {I}ntroductory remarks},
	Volume = {34},
	Year = {1996}}

@article{ohanian2010capital,
	Author = {Ohanian, Lee E and Wright, Mark LJ},
	Journal = {The American Economic Review},
	Pages = {68--72},
	Publisher = {JSTOR},
	Title = {Capital flows and macroeconomic performance: lessons from the golden era of international finance},
	Year = {2010}}

@article{de2010capital,
	Author = {de la Escosura, Leandro Prados and Ros{\'e}s, Joan R},
	Journal = {Research in economic history},
	Pages = {141--200},
	Publisher = {Emerald Group Publishing},
	Title = {Capital accumulation in the long run: The case of Spain, 1850--2000},
	Volume = {27},
	Year = {2010}}

@article{kamps2006new,
	Author = {Kamps, Christophe},
	Journal = {IMF staff papers},
	Pages = {120--150},
	Publisher = {JSTOR},
	Title = {New estimates of government net capital stocks for 22 {OECD} countries, 1960-2001},
	Year = {2006}}

@article{wallis2009capital,
	Author = {Wallis, Gavin},
	Journal = {Oxford Bulletin of Economics and Statistics},
	Number = {6},
	Pages = {799--819},
	Publisher = {Wiley Online Library},
	Title = {Capital Services Growth in the UK: 1950 to 2006*},
	Volume = {71},
	Year = {2009}}

@article{hall1967tax,
	Author = {Hall, Robert E and Jorgenson, Dale W},
	Journal = {The American Economic Review},
	Pages = {391--414},
	Publisher = {JSTOR},
	Title = {Tax policy and investment behavior},
	Year = {1967}}

@phdthesis{wallis2012essays,
	Author = {Wallis, GE},
	School = {UCL (University College London)},
	Title = {Essays in understanding investment},
	Year = {2012}}

@incollection{serrenho2015useful,
	Author = {Serrenho, Andr{\'e} Cabrera and Warr, Benjamin and Sousa, T{\^a}nia and Ayres, Robert U and Domingos, Tiago},
	Booktitle = {Energy Security and Development},
	Pages = {133--146},
	Publisher = {Springer},
	Title = {Useful Work Transitions in {P}ortugal, 1856--2009},
	Year = {2015}}

@article{warr2010energy,
	Author = {Warr, Benjamin and Ayres, Robert U and Eisenmenger, Nina and Krausmann, Fridolin and Schandl, Heinz},
	Journal = {Ecological Economics},
	Number = {10},
	Pages = {1904--1917},
	Publisher = {Elsevier},
	Title = {Energy use and economic development: A comparative analysis of useful work supply in Austria, Japan, the United Kingdom and the US during 100years of economic growth},
	Volume = {69},
	Year = {2010}}

@book{henriques2009energy,
	Author = {Henriques, Sofia},
	Publisher = {Consiglio Nazionale delle Ricerche},
	Title = {Energy consumption in Portugal 1856-2006},
	Year = {2009}}

@mastersthesis{palmathesis,
	Author = {Palma, Miguel},
	School = {Instituto Superior T\'{e}cnico, University of Lisbon.},
	Title = {Evolution of Aggregated Exergy Efficiencies per end-use in the period 1960-2009.},
	Year = 2014}

@article{brockway2014divergence,
	Author = {Brockway, Paul E and Barrett, John R and Foxon, Timothy J and Steinberger, Julia K},
	Journal = {Environmental science \& technology},
	Number = {16},
	Pages = {9874--9881},
	Publisher = {ACS Publications},
	Title = {Divergence of trends in {US} and {UK}f aggregate exergy efficiencies 1960--2010},
	Volume = {48},
	Year = {2014}}

@article{arrow1961capital,
	Author = {Arrow, Kenneth J and Chenery, Hollis B and Minhas, Bagicha S and Solow, Robert M},
	Journal = {The Review of Economics and Statistics},
	Pages = {225--250},
	Publisher = {JSTOR},
	Title = {Capital-labor substitution and economic efficiency},
	Year = {1961}}

@article{barro2013new,
  title={A new data set of educational attainment in the world, 1950--2010},
  author={Barro, Robert J and Lee, Jong Wha},
  journal={Journal of development economics},
  volume={104},
  pages={184--198},
  year={2013},
  publisher={Elsevier}
}

@article{chow2002china,
	Author = {Chow, Gregory C and Li, Kui-Wai},
	Journal = {Economic Development and Cultural Change},
	Number = {1},
	Pages = {247--256},
	Publisher = {JSTOR},
	Title = {China's Economic Growth: 1952--2010},
	Volume = {51},
	Year = {2002}}

@article{cobb1928theory,
	Author = {Cobb, Charles W and Douglas, Paul H},
	Journal = {The American Economic Review},
	Pages = {139--165},
	Publisher = {JSTOR},
	Title = {A theory of production},
	Year = {1928}}

@article{crafts2009solow,
	Author = {Crafts, Nicholas},
	Journal = {History of Political Economy},
	Number = {Suppl 1},
	Pages = {200--220},
	Publisher = {Duke Univ Press},
	Title = {Solow and growth accounting: A perspective from quantitative economic history},
	Volume = {41},
	Year = {2009}}

@article{dissou2012industry,
	Author = {Dissou, Yazid and Karnizova, Lilia and Sun, Qian},
	Journal = {Atlantic Economic Journal},
	Number = {1},
	Pages = {107--121},
	Publisher = {Springer},
	Title = {Industry-level Econometric Estimates of Energy-Capital-Labor Substitution with a Nested {CES} Production Function},
	Volume = {43},
	Year = {2012}}

@article{dougherty1996international,
	Author = {Dougherty, Chrys and Jorgenson, Dale W},
	Journal = {The American economic review},
	Pages = {25--29},
	Publisher = {JSTOR},
	Title = {International comparisons of the sources of economic growth},
	Year = {1996}}

@article{duffy2000cross,
	Author = {Duffy, John and Papageorgiou, Chris},
	Journal = {Journal of Economic Growth},
	Number = {1},
	Pages = {87--120},
	Publisher = {Springer},
	Title = {A cross-country empirical investigation of the aggregate production function specification},
	Volume = {5},
	Year = {2000}}

@article{easterly1995soviet,
	Author = {Easterly, William and Fischer, Stanley},
	Journal = {The World Bank Economic Review},
	Number = {3},
	Pages = {341--371},
	Publisher = {World Bank},
	Title = {The Soviet economic decline},
	Volume = {9},
	Year = {1995}}

@article{felipe2003aggregation,
	Author = {Felipe, Jesus and Fisher, Franklin M},
	Journal = {Metroeconomica},
	Pages = {208--262},
	Title = {Aggregation in production functions: what applied economists should know},
	Volume = {54},
	Year = {2003}}

@article{finn1995variance,
	Author = {Finn, Mary G},
	Journal = {Journal of Economic Dynamics and Control},
	Number = {5},
	Pages = {1249--1281},
	Publisher = {Elsevier},
	Title = {Variance properties of Solow's productivity residual and their cyclical implications},
	Volume = {19},
	Year = {1995}}

@techreport{growiec2010measurement,
	Author = {Growiec, Jakub},
	Date-Modified = {2015-07-30 13:45:27 +0000},
	Institution = {National Bank of Poland},
	Number = {73},
	Title = {On the measurement of technological progress across countries},
	Type = {Working Paper},
	Year = {2010}}

@article{hajkova2007cobb,
	Author = {H{\'a}jkov{\'a}, Dana and Hurn{\'\i}k, Jarom{\'\i}r},
	Journal = {Czech Journal of Economics and Finance (Finance a uver)},
	Number = {9-10},
	Pages = {465--476},
	Publisher = {Charles University Prague, Faculty of Social Sciences},
	Title = {Cobb-Douglas production function: the case of a converging economy},
	Volume = {57},
	Year = {2007}}

@article{inklaar2010sensitivity,
	Author = {Inklaar, Robert},
	Journal = {Review of Income and Wealth},
	Number = {2},
	Pages = {389--412},
	Publisher = {Wiley Online Library},
	Title = {The Sensitivity of Capital Services Measurement: Measure all assets and the cost of capital},
	Volume = {56},
	Year = {2010}}

@article{jorgenson1967explanation,
	Author = {Jorgenson, Dale Weldeau and Griliches, Zvi},
	Journal = {The Review of Economic Studies},
	Pages = {249--283},
	Publisher = {JSTOR},
	Title = {The explanation of productivity change},
	Year = {1967}}

@article{kemfert1998estimated,
	Author = {Kemfert, Claudia},
	Journal = {Energy Economics},
	Number = {3},
	Pages = {249--264},
	Publisher = {Elsevier},
	Title = {Estimated substitution elasticities of a nested {CES} production function approach for {G}ermany},
	Volume = {20},
	Year = {1998}}

@article{kemfert2000energy,
	Author = {Kemfert, Claudia and Welsch, Heinz},
	Journal = {Journal of Policy Modeling},
	Number = {6},
	Pages = {641--660},
	Publisher = {Elsevier},
	Title = {Energy-capital-labor substitution and the economic effects of {CO} 2 abatement: {E}vidence for {G}ermany},
	Volume = {22},
	Year = {2000}}

@techreport{kummel2008cost,
	Author = {K{\"u}mmel, Reiner and Schmid, J{\"o}rg and Ayres, Robert U and Lindenberger, Dietmar},
	Institution = {EWI Working Paper},
	Title = {Cost shares, output elasticities, and substitutability constraints},
	Year = {2008}}

@article{lloyd2001origins,
	Author = {Lloyd, Peter John},
	Journal = {History of political economy},
	Number = {1},
	Pages = {1--19},
	Publisher = {Duke University Press},
	Title = {The origins of the von {T}hunen-{M}ill-{P}areto-{W}icksell-{C}obb-{D}ouglas function},
	Volume = {33},
	Year = {2001}}

@book{miller2008assessment,
	Author = {Miller, Eric},
	Publisher = {Congressional Budget Office},
	Title = {An assessment of CES and Cobb-Douglas production functions},
	Year = {2008}}

@article{mishra2007brief,
	Author = {Mishra, Sudhanshu K},
	Journal = {IUP Journal of Managerial Economics},
	Title = {A brief history of production functions},
    Volume = {8},
    Number = {4},
    Pages = {6--34},
	Year = {2007}}

@techreport{pauw2003functional,
	Author = {Pauw, Kalie},
	Institution = {PROVIDE Project},
	Title = {Functional Forms Used in {CGE} Models: {M}odelling Production and Commodity Flows},
	Year = {2003}}

@article{robinson1953production,
	Author = {Robinson, Joan},
	Journal = {The Review of Economic Studies},
	Pages = {81--106},
	Publisher = {JSTOR},
	Title = {The production function and the theory of capital},
	Year = {1953}}

@article{rusek1989industrial,
	Author = {Rusek, Antonin},
	Journal = {Journal of Comparative Economics},
	Number = {2},
	Pages = {301--313},
	Publisher = {Elsevier},
	Title = {Industrial growth in {C}zechoslovakia 1971--1985: {T}otal factor productivity and capital-labor substitution},
	Volume = {13},
	Year = {1989}}

@article{sancho2009calibration,
	Author = {Sancho, Ferran},
	Journal = {Economic Systems Research},
	Number = {1},
	Pages = {45--58},
	Publisher = {Taylor \& Francis},
	Title = {Calibration of {CES} functions for real-world multisectoral modeling},
	Volume = {21},
	Year = {2009}}

@article{shaikh1974laws,
	Author = {Shaikh, Anwar},
	Journal = {The Review of Economics and Statistics},
	Pages = {115--120},
	Publisher = {JSTOR},
	Title = {Laws of production and laws of algebra: the Humbug production function},
	Year = {1974}}

@techreport{shen2013capital,
	Author = {Shen, Keting and Whalley, John},
	Institution = {National Bureau of Economic Research},
	Title = {Capital-labor-energy substitution in nested {CES} production functions for {C}hina},
	Year = {2013}}

@article{solow1957technical,
	Author = {Solow, Robert M},
	Journal = {The review of Economics and Statistics},
	Pages = {312--320},
	Publisher = {JSTOR},
	Title = {Technical change and the aggregate production function},
	Year = {1957}}

@techreport{szeto2001econometric,
	Author = {Szeto, Kam Leong},
	Institution = {New Zealand Treasury},
	Title = {An econometric analysis of a production function for {N}ew {Z}ealand},
	Year = {2001}}

@article{toh1996differential,
	Author = {Toh, Mun{-}Heng and Low, Linda},
	Journal = {Journal of International Trade \& Economic Development},
	Number = {2},
	Pages = {161--181},
	Publisher = {Taylor \& Francis},
	Title = {Differential total factor productivity in the four dragons: the {S}ingapore case},
	Volume = {5},
	Year = {1996}}

@misc{vouvaki2008total,
	Author = {Vouvaki, Dimitra and Xepapadeas, Anastasios},
	Title = {Total factor productivity growth when factors of production generate environmental externalities},
    Note = {MPRA Paper. Ava},
	Howpublished = {http://mpra.ub.uni-muenchen.de/id/eprint/10237.},
    Year = {2008}}

@article{van2008production,
	Author = {Van der Werf, Edwin},
	Journal = {Energy Economics},
	Number = {6},
	Pages = {2964--2979},
	Publisher = {Elsevier},
	Title = {Production functions for climate policy modeling: An empirical analysis},
	Volume = {30},
	Year = {2008}}

@misc{ONS,
	Author = {(ONS) UK Office of National Statistics},
	Note = {reply to author by email, 10 March 2015},
	Title = {Net Capital Stock and Volume Index of Capital Services ({VICS}) statistics},
	Year = {2015}}

@article{hicks1974capital,
	Author = {Hicks, John},
	Journal = {The American economic review},
	Pages = {307--316},
	Publisher = {JSTOR},
	Title = {Capital controversies: ancient and modern},
	Year = {1974}}

@incollection{denison1957theoretical,
	Author = {Denison, Edward F},
	Booktitle = {Problems of capital formation: concepts, measurement, and controlling factors},
	Pages = {215--284},
	Publisher = {NBER},
    Year = {1957}}

@article{griliches1966sources,
	Author = {Griliches, Zvi and Jorgenson, Dale W},
	Journal = {The American Economic Review},
	Pages = {50--61},
	Publisher = {JSTOR},
	Title = {Sources of measured productivity change: Capital input},
	Year = {1966}}

@article{smulders2003impact,
	Author = {Smulders, Sjak and De Nooij, Michiel},
	Journal = {Resource and Energy Economics},
	Number = {1},
	Pages = {59--79},
	Publisher = {Elsevier},
	Title = {The impact of energy conservation on technology and economic growth},
	Volume = {25},
	Year = {2003}}

@techreport{diewert2001measuring,
	Author = {Diewert, W Erwin},
	Date-Modified = {2015-07-30 13:40:42 +0000},
	Institution = {Department of Economics, University of British Columbia},
	Number = {01-24},
	Title = {Measuring the price and quantity of capital services under alternative assumptions},
	Type = {Discussion Paper},
	Year = {2001}}

@misc{PWT,
	Author = {PWT8.1},
	Howpublished = {\url{http://febpwt.webhosting.rug.nl/}},
	Institution = {Groningen Growth \& Development Centre},
	Note = {Accessed: 2015-04-15},
	Title = {Penn {W}orld {T}able - {V}ersion 8.1},
	Year = {2015}}

@article{gollop1987productivity,
  title={Productivity and {US} economic growth},
  author={Gollop, Frank M and Fraumeni, BM and Jorgenson, Dale W},
  year={1987},
  publisher={Harvard University Press}
}

@article{hanushek2012better,
	Author = {Hanushek, Eric A and Woessmann, Ludger},
	Journal = {Journal of Economic Growth},
	Number = {4},
	Pages = {267--321},
	Publisher = {Springer},
	Title = {Do better schools lead to more growth? {C}ognitive skills, economic outcomes, and causation},
	Volume = {17},
	Year = {2012}}

@techreport{david2006polarization,
	Author = {David, H and Katz, Lawrence F and Kearney, Melissa S},
	Institution = {National Bureau of Economic Research},
	Title = {The polarization of the {US} labor market},
	Year = {2006}}

@article{daude2013understanding,
	Author = {Daude, Christian},
	Journal = {econom{\'\i}a},
	Number = {2},
	Pages = {109--138},
	Publisher = {Brookings Institution Press},
	Title = {Understanding Solow Residuals in Latin America},
	Volume = {13},
	Year = {2013}}

@book{brian2007oecd,
	Author = {Brian, Keeley},
	Publisher = {OECD Publishing},
	Title = {OECD Insights - Human Capital: How what you know shapes your life.},
	Year = {2007}}

@article{bruns2014there,
  title={Is There Really Granger Causality Between Energy Use and Output?},
  author={Bruns, Stephan B and Gross, C and Stern, David I},
  journal={Energy Journal},
  volume={35},
  number={4},
  pages={101--134},
  year={2014},
  publisher={University of Bath}
}

@misc{SNA,
	Author = {Eurostat and IMF and OECD and The World Bank},
	Title = {({SNA}) {S}ystem of {N}ational {A}ccounts},
	Year = {2008}}

@book{kaldor1961capital,
	Author = {Kaldor, Nicholas},
	Publisher = {Macmillan},
	Title = {Capital accumulation and economic growth},
	Year = {1961}}

@book{denison1979accounting,
	Author = {Denison, Edward Fulton},
	Publisher = {Brookings Institution Press},
	Title = {Accounting for slower economic growth: the United States in the 1970's},
	Year = {1979}}

@article{ayres2013underestimated,
	Author = {Ayres, Robert U and Van den Bergh, Jeroen CJM and Lindenberger, Dietmar and Warr, Benjamin},
	Journal = {Structural Change and Economic Dynamics},
	Pages = {79--88},
	Publisher = {Elsevier},
	Title = {The underestimated contribution of energy to economic growth},
	Volume = {27},
	Year = {2013}}

@article{stern2010energy,
	Author = {Stern, David I},
	Journal = {Ecological Economics},
	Number = {7},
	Pages = {1471--1478},
	Publisher = {Elsevier},
	Title = {Energy quality},
	Volume = {69},
	Year = {2010}}

@book{moran2010fundamentals,
	Author = {Moran, Michael J and Shapiro, Howard N and Boettner, Daisie D and Bailey, Margaret B},
	Publisher = {John Wiley \& Sons},
	Title = {Fundamentals of engineering thermodynamics},
	Year = {2010}}

@book{dincer2012exergy,
	Author = {Dincer, Ibrahim and Rosen, Marc A},
	Publisher = {Newnes},
	Title = {Exergy: energy, environment and sustainable development},
	Year = {2012}}

@article{ertesvaag2000exergy,
	Author = {Ertesv{\aa}g, Ivar S and Mielnik, Michal},
	Journal = {Energy},
	Number = {10},
	Pages = {957--973},
	Publisher = {Elsevier},
	Title = {Exergy analysis of the Norwegian society},
	Volume = {25},
	Year = {2000}}

@article{hammond2001exergy,
	Author = {Hammond, GP and Stapleton, AJ},
	Journal = {Proceedings of the Institution of Mechanical Engineers, Part A: Journal of Power and Energy},
	Number = {2},
	Pages = {141--162},
	Publisher = {SAGE Publications},
	Title = {Exergy analysis of the {U}nited {K}ingdom energy system},
	Volume = {215},
	Year = {2001}}

@article{reistad1975available,
	Author = {Reistad, GM},
	Journal = {Journal of Engineering for Gas Turbines and Power},
	Number = {3},
	Pages = {429--434},
	Publisher = {American Society of Mechanical Engineers},
	Title = {Available energy conversion and utilization in the {U}nited {S}tates},
	Volume = {97},
	Year = {1975}}

@article{ayres2014economic,
	Author = {Ayres, Robert and Voudouris, Vlasios},
	Journal = {Energy Policy},
	Pages = {16--28},
	Publisher = {Elsevier},
	Title = {The economic growth enigma: Capital, labour and useful energy?},
	Volume = {64},
	Year = {2014}}
    
@article{schreyer2004capital,
  title={Capital stocks, capital services and multi-factor productivity measures},
  author={Schreyer, Paul},
  journal={OECD Economic Studies},
  volume={2003},
  number={2},
  pages={163--184},
  year={2004},
  publisher={Organisation for Economic Cooperation and Development (OECD)}
}

@article{serrenho2014decomposition,
  title={Decomposition of useful work intensity: The {EU} (European Union)-15 countries from 1960 to 2009},
  author={Serrenho, Andr{\'e} Cabrera and Sousa, T{\^a}nia and Warr, Benjamin and Ayres, Robert U and Domingos, Tiago},
  journal={Energy},
  volume={76},
  pages={704--715},
  year={2014},
  publisher={Elsevier}
}

@article{rosen2009using,
  title={Using exergy to understand and improve the efficiency of electrical power technologies},
  author={Rosen, Marc A and Bulucea, Cornelia Aida},
  journal={Entropy},
  volume={11},
  number={4},
  pages={820--835},
  year={2009},
  publisher={Molecular Diversity Preservation International}
}

@inproceedings{carnahan1975technical,
  title={Technical Aspects of the More Efficient Utilization of Energy: Chapter 2 - {S}econd law efficiency: {T}he role of the second law of thermodynamics in assessing the efficiency of energy use.},
  author={Carnahan, W and Ford, KW and Prosperetti, A and Rochlin, GI and Rosenfeld, A and Ross, M and Rothberg, J and Seidel, G and Socolow, R},
  booktitle={American Institute of Physics, Conference Series},
  volume={25},
  pages={25--51},
  year={1975}
}

@phdthesis{guevara2015three,
	Author = {Guevara, Zeus Hiram Zamora},
	School = {Instituto Superior T\'{e}cnico, University of Lisbon.},
	Title = {Three-level energy decoupling: energy decoupling at the primary, final and useful levels of energy use.},
	Year = 2015}
    
 @article{nakicenovic1996regional,
  title={Regional and global exergy and energy efficiencies},
  author={Naki{\'c}enovi{\'c}, Nebojsa and Gilli, Paul Viktor and Kurz, Rainer},
  journal={Energy},
  volume={21},
  number={3},
  pages={223--237},
  year={1996},
  publisher={Elsevier}
}